@book{GareyJohnson:CI:1979,
 author = {Garey, Michael R. and Johnson, David S.},
 title = {Computers and Intractability: A Guide to the Theory of NP-Completeness},
 year = {1979},
 isbn = {0716710447},
 publisher = {W. H. Freeman \& Co.},
 address = {New York, NY, USA},
} 

@book{1994-papadimitriou
,title={{Computational complexity}}
,booktitle={{Computational complexity}}
,author={Christos M. Papadimitriou}
,ISBN={0201530821}
,MR={95f:68082}
,publisher={Addison-Wesley}
,address={Reading, Massachusetts}
,year={1994}
}
